% Encoding: UTF-8
@inproceedings{goodfellow2014generative,
  title={Generative adversarial nets},
  author={Goodfellow, Ian and Pouget-Abadie, Jean and Mirza, Mehdi and Xu, Bing and Warde-Farley, David and Ozair, Sherjil and Courville, Aaron and Bengio, Yoshua},
  booktitle={Advances in Neural Information Processing Systems (NeurIPS)},
  pages={2672--2680},
  year={2014},
  url={http://papers.nips.cc/paper/5423-generative-adversarial-nets.pdf}
}

@InProceedings{Fujimoto:2018_TD3,
  author    = {Scott Fujimoto and Herke van Hoof and David Meger},
  booktitle = {35th International Conference on Machine Learning (ICML)},
  title     = {Addressing Function Approximation Error in Actor-Critic Methods},
  year      = {2018},
  url       = {https://arxiv.org/pdf/1802.09477.pdf},
}

@InProceedings{Mescheder:2019_OccupancyNetworks,
  author    = {Mescheder, Lars and Oechsle, Michael and Niemeyer, Michael and Nowozin, Sebastian and Geiger, Andreas},
  booktitle = {2019 IEEE/CVF Conference on Computer Vision and Pattern Recognition (CVPR)},
  title     = {Occupancy Networks: Learning 3D Reconstruction in Function Space},
  year      = {2019},
  url       = {https://openaccess.thecvf.com/content_CVPR_2019/papers/Mescheder_Occupancy_Networks_Learning_3D_Reconstruction_in_Function_Space_CVPR_2019_paper.pdf},
}

@InProceedings{Zhou:2018_VoxelNet,
  author    = {Yin Zhou and Oncel Tuzel},
  booktitle = {2018 IEEE/CVF Conference on Computer Vision and Pattern Recognition (CVPR)},
  title     = {VoxelNet: End-to-End Learning for Point Cloud Based 3D Object Detection},
  year      = {2018},
  url       = {https://openaccess.thecvf.com/content_cvpr_2018/papers/Zhou_VoxelNet_End-to-End_Learning_CVPR_2018_paper.pdf},
}

@InProceedings{Deng:2018_FoldNet,
  author    = {Haowen Deng and Tolga Birdal and Slobodan Ilic},
  booktitle = {15th European Conference on Computer Vision (ECCV)},
  title     = {PPF-FoldNet: Unsupervised Learning of RotationInvariant 3D Local Descriptors},
  year      = {2018},
  month     = sep,
  url       = {https://openaccess.thecvf.com/content_ECCV_2018/papers/Tolga_Birdal_PPF-FoldNet_Unsupervised_Learning_ECCV_2018_paper.pdf},
}

@InProceedings{Li:2018_SONet,
  author    = {Jiaxin Li and Ben M. Chen and Gim Hee Lee},
  booktitle = {2018 IEEE/CVF Conference on Computer Vision and Pattern Recognition (CVPR)},
  title     = {SO-Net: Self-Organizing Network for Point Cloud Analysis},
  year      = {2018},
  url       = {https://openaccess.thecvf.com/content_cvpr_2018/papers/Li_SO-Net_Self-Organizing_Network_CVPR_2018_paper.pdf},
}

@InProceedings{Achlioptas:2018_GenModels3dPointClouds,
  author    = {Achlioptas, Panos and Diamanti, Olga and Mitliagkas, Ioannis and Guibas, Leonidas},
  booktitle = {35th International Conference on Machine Learning (ICML)},
  title     = {Learning Representations and Generative Models for 3{D} Point Clouds},
  year      = {2018},
  url       = {http://proceedings.mlr.press/v80/achlioptas18a/achlioptas18a.pdf},
}

@Comment{jabref-meta: databaseType:bibtex;}
